@book{Pfeiffer2015,
author = {Pfeiffer, Bruce Brooks and G{\"{o}}ssel, Peter},
isbn = {978-3836555982},
publisher = {Taschen},
title = {{Frank Lloyd Wright}},
year = {2015}
}
@book{Bergdoll2017,
author = {Bergdoll, Barry and Gray, Jennifer},
isbn = {978-1633450264},
publisher = {The Museum of Modern Art},
title = {{Frank Lloyd Wright: Unpacking the Archive}},
year = {2017}
}
